%YAML 1.1
%TAG !u! tag:unity3d.com,2011:
--- !u!1 &1712329967275939474
GameObject:
  m_ObjectHideFlags: 0
  m_CorrespondingSourceObject: {fileID: 0}
  m_PrefabInstance: {fileID: 0}
  m_PrefabAsset: {fileID: 0}
  serializedVersion: 6
  m_Component:
  - component: {fileID: 1712329967275939475}
  - component: {fileID: 1712329967275939479}
  - component: {fileID: 1712329967275939478}
  - component: {fileID: 1712329967275939473}
  - component: {fileID: 1712329967275939472}
  - component: {fileID: 3430549760012600567}
  - component: {fileID: 7596024410592724458}
  m_Layer: 8
  m_Name: VR_Head
  m_TagString: Untagged
  m_Icon: {fileID: 0}
  m_NavMeshLayer: 0
  m_StaticEditorFlags: 0
  m_IsActive: 1
--- !u!4 &1712329967275939475
Transform:
  m_ObjectHideFlags: 0
  m_CorrespondingSourceObject: {fileID: 0}
  m_PrefabInstance: {fileID: 0}
  m_PrefabAsset: {fileID: 0}
  m_GameObject: {fileID: 1712329967275939474}
  m_LocalRotation: {x: -0, y: -0, z: -0, w: 1}
  m_LocalPosition: {x: 0, y: 0, z: 0}
  m_LocalScale: {x: 0.3, y: 0.3, z: 0.3}
  m_Children:
  - {fileID: 5317731950019985575}
  m_Father: {fileID: 0}
  m_RootOrder: 0
  m_LocalEulerAnglesHint: {x: 0, y: 0, z: 0}
--- !u!33 &1712329967275939479
MeshFilter:
  m_ObjectHideFlags: 0
  m_CorrespondingSourceObject: {fileID: 0}
  m_PrefabInstance: {fileID: 0}
  m_PrefabAsset: {fileID: 0}
  m_GameObject: {fileID: 1712329967275939474}
  m_Mesh: {fileID: 10207, guid: 0000000000000000e000000000000000, type: 0}
--- !u!23 &1712329967275939478
MeshRenderer:
  m_ObjectHideFlags: 0
  m_CorrespondingSourceObject: {fileID: 0}
  m_PrefabInstance: {fileID: 0}
  m_PrefabAsset: {fileID: 0}
  m_GameObject: {fileID: 1712329967275939474}
  m_Enabled: 0
  m_CastShadows: 1
  m_ReceiveShadows: 1
  m_DynamicOccludee: 1
  m_MotionVectors: 1
  m_LightProbeUsage: 1
  m_ReflectionProbeUsage: 1
  m_RayTracingMode: 2
  m_RenderingLayerMask: 1
  m_RendererPriority: 0
  m_Materials:
  - {fileID: 10303, guid: 0000000000000000f000000000000000, type: 0}
  m_StaticBatchInfo:
    firstSubMesh: 0
    subMeshCount: 0
  m_StaticBatchRoot: {fileID: 0}
  m_ProbeAnchor: {fileID: 0}
  m_LightProbeVolumeOverride: {fileID: 0}
  m_ScaleInLightmap: 1
  m_ReceiveGI: 1
  m_PreserveUVs: 0
  m_IgnoreNormalsForChartDetection: 0
  m_ImportantGI: 0
  m_StitchLightmapSeams: 1
  m_SelectedEditorRenderState: 3
  m_MinimumChartSize: 4
  m_AutoUVMaxDistance: 0.5
  m_AutoUVMaxAngle: 89
  m_LightmapParameters: {fileID: 0}
  m_SortingLayerID: 0
  m_SortingLayer: 0
  m_SortingOrder: 0
--- !u!135 &1712329967275939473
SphereCollider:
  m_ObjectHideFlags: 0
  m_CorrespondingSourceObject: {fileID: 0}
  m_PrefabInstance: {fileID: 0}
  m_PrefabAsset: {fileID: 0}
  m_GameObject: {fileID: 1712329967275939474}
  m_Material: {fileID: 0}
  m_IsTrigger: 0
  m_Enabled: 1
  serializedVersion: 2
  m_Radius: 0.5
  m_Center: {x: 0, y: 0, z: 0}
--- !u!114 &1712329967275939472
MonoBehaviour:
  m_ObjectHideFlags: 0
  m_CorrespondingSourceObject: {fileID: 0}
  m_PrefabInstance: {fileID: 0}
  m_PrefabAsset: {fileID: 0}
  m_GameObject: {fileID: 1712329967275939474}
  m_Enabled: 1
  m_EditorHideFlags: 0
  m_Script: {fileID: 11500000, guid: cc03ebe2fd9772247b83b71f42a1f33a, type: 3}
  m_Name: 
  m_EditorClassIdentifier: 
  sdkObject: 1
--- !u!114 &3430549760012600567
MonoBehaviour:
  m_ObjectHideFlags: 0
  m_CorrespondingSourceObject: {fileID: 0}
  m_PrefabInstance: {fileID: 0}
  m_PrefabAsset: {fileID: 0}
  m_GameObject: {fileID: 1712329967275939474}
  m_Enabled: 1
  m_EditorHideFlags: 0
  m_Script: {fileID: 11500000, guid: aa584fbee541324448dd18d8409c7a41, type: 3}
  m_Name: 
  m_EditorClassIdentifier: 
  ObservedComponentsFoldoutOpen: 1
  Group: 0
  prefixField: -1
  Synchronization: 3
  OwnershipTransfer: 0
  ObservedComponents:
  - {fileID: 7596024410592724458}
  viewIdField: 0
  InstantiationId: 0
  isRuntimeInstantiated: 0
--- !u!114 &7596024410592724458
MonoBehaviour:
  m_ObjectHideFlags: 0
  m_CorrespondingSourceObject: {fileID: 0}
  m_PrefabInstance: {fileID: 0}
  m_PrefabAsset: {fileID: 0}
  m_GameObject: {fileID: 1712329967275939474}
  m_Enabled: 1
  m_EditorHideFlags: 0
  m_Script: {fileID: 11500000, guid: 627855c7f81362d41938ffe0b1475957, type: 3}
  m_Name: 
  m_EditorClassIdentifier: 
  m_SynchronizePosition: 1
  m_SynchronizeRotation: 1
  m_SynchronizeScale: 0
--- !u!1001 &5317731950019598887
PrefabInstance:
  m_ObjectHideFlags: 0
  serializedVersion: 2
  m_Modification:
    m_TransformParent: {fileID: 1712329967275939475}
    m_Modifications:
    - target: {fileID: 100000, guid: 0cafb29f74978af488cd7a1a062dbb1a, type: 3}
      propertyPath: m_Name
      value: MAsk
      objectReference: {fileID: 0}
    - target: {fileID: 400000, guid: 0cafb29f74978af488cd7a1a062dbb1a, type: 3}
      propertyPath: m_LocalPosition.x
      value: 1.051
      objectReference: {fileID: 0}
    - target: {fileID: 400000, guid: 0cafb29f74978af488cd7a1a062dbb1a, type: 3}
      propertyPath: m_LocalPosition.y
      value: -8.35
      objectReference: {fileID: 0}
    - target: {fileID: 400000, guid: 0cafb29f74978af488cd7a1a062dbb1a, type: 3}
      propertyPath: m_LocalPosition.z
      value: -3.6731553
      objectReference: {fileID: 0}
    - target: {fileID: 400000, guid: 0cafb29f74978af488cd7a1a062dbb1a, type: 3}
      propertyPath: m_LocalRotation.x
      value: -0.39538035
      objectReference: {fileID: 0}
    - target: {fileID: 400000, guid: 0cafb29f74978af488cd7a1a062dbb1a, type: 3}
      propertyPath: m_LocalRotation.y
      value: 0.40407813
      objectReference: {fileID: 0}
    - target: {fileID: 400000, guid: 0cafb29f74978af488cd7a1a062dbb1a, type: 3}
      propertyPath: m_LocalRotation.z
      value: 0.64861697
      objectReference: {fileID: 0}
    - target: {fileID: 400000, guid: 0cafb29f74978af488cd7a1a062dbb1a, type: 3}
      propertyPath: m_LocalRotation.w
      value: 0.5095991
      objectReference: {fileID: 0}
    - target: {fileID: 400000, guid: 0cafb29f74978af488cd7a1a062dbb1a, type: 3}
      propertyPath: m_RootOrder
      value: 0
      objectReference: {fileID: 0}
    - target: {fileID: 400000, guid: 0cafb29f74978af488cd7a1a062dbb1a, type: 3}
      propertyPath: m_LocalEulerAnglesHint.x
      value: -112.004
      objectReference: {fileID: 0}
    - target: {fileID: 400000, guid: 0cafb29f74978af488cd7a1a062dbb1a, type: 3}
      propertyPath: m_LocalEulerAnglesHint.y
      value: 164.351
      objectReference: {fileID: 0}
    - target: {fileID: 400000, guid: 0cafb29f74978af488cd7a1a062dbb1a, type: 3}
      propertyPath: m_LocalEulerAnglesHint.z
      value: -65.72101
      objectReference: {fileID: 0}
    - target: {fileID: 400000, guid: 0cafb29f74978af488cd7a1a062dbb1a, type: 3}
      propertyPath: m_LocalScale.x
      value: 500
      objectReference: {fileID: 0}
    - target: {fileID: 400000, guid: 0cafb29f74978af488cd7a1a062dbb1a, type: 3}
      propertyPath: m_LocalScale.y
      value: 500
      objectReference: {fileID: 0}
    - target: {fileID: 400000, guid: 0cafb29f74978af488cd7a1a062dbb1a, type: 3}
      propertyPath: m_LocalScale.z
      value: 500
      objectReference: {fileID: 0}
    - target: {fileID: 9500000, guid: 0cafb29f74978af488cd7a1a062dbb1a, type: 3}
      propertyPath: m_Enabled
      value: 0
      objectReference: {fileID: 0}
    - target: {fileID: 13700000, guid: 0cafb29f74978af488cd7a1a062dbb1a, type: 3}
      propertyPath: m_AABB.m_Center.x
      value: -0.00048026192
      objectReference: {fileID: 0}
    - target: {fileID: 13700000, guid: 0cafb29f74978af488cd7a1a062dbb1a, type: 3}
      propertyPath: m_AABB.m_Center.y
      value: -0.00018664956
      objectReference: {fileID: 0}
    - target: {fileID: 13700000, guid: 0cafb29f74978af488cd7a1a062dbb1a, type: 3}
      propertyPath: m_AABB.m_Center.z
      value: 0.017891213
      objectReference: {fileID: 0}
    - target: {fileID: 13700000, guid: 0cafb29f74978af488cd7a1a062dbb1a, type: 3}
      propertyPath: m_AABB.m_Extent.x
      value: 0.0013468845
      objectReference: {fileID: 0}
    - target: {fileID: 13700000, guid: 0cafb29f74978af488cd7a1a062dbb1a, type: 3}
      propertyPath: m_AABB.m_Extent.y
      value: 0.0014042135
      objectReference: {fileID: 0}
    - target: {fileID: 13700000, guid: 0cafb29f74978af488cd7a1a062dbb1a, type: 3}
      propertyPath: m_AABB.m_Extent.z
      value: 0.001712284
      objectReference: {fileID: 0}
    - target: {fileID: 13700000, guid: 0cafb29f74978af488cd7a1a062dbb1a, type: 3}
      propertyPath: m_DirtyAABB
      value: 0
      objectReference: {fileID: 0}
    m_RemovedComponents: []
  m_SourcePrefab: {fileID: 100100000, guid: 0cafb29f74978af488cd7a1a062dbb1a, type: 3}
--- !u!4 &5317731950019985575 stripped
Transform:
  m_CorrespondingSourceObject: {fileID: 400000, guid: 0cafb29f74978af488cd7a1a062dbb1a,
    type: 3}
  m_PrefabInstance: {fileID: 5317731950019598887}
  m_PrefabAsset: {fileID: 0}
